2024-Dec-22 17:38:49.181961,912828V23_INQ0,912828V23,BUY,1000000,100-047,DONE,
2024-Dec-22 17:38:49.182016,912828V23_INQ1,912828V23,SELL,2000000,99-237,DONE,
2024-Dec-22 17:38:49.182051,912828V23_INQ2,912828V23,BUY,3000000,100-046,DONE,
2024-Dec-22 17:38:49.182084,912828V23_INQ3,912828V23,SELL,4000000,99-04+,DONE,
2024-Dec-22 17:38:49.182117,912828V23_INQ4,912828V23,BUY,5000000,99-131,DONE,
2024-Dec-22 17:38:49.182149,912828V23_INQ5,912828V23,SELL,1000000,100-16+,DONE,
2024-Dec-22 17:38:49.182182,912828V23_INQ6,912828V23,BUY,2000000,100-177,DONE,
2024-Dec-22 17:38:49.182216,912828V23_INQ7,912828V23,SELL,3000000,99-063,DONE,
2024-Dec-22 17:38:49.182248,912828V23_INQ8,912828V23,BUY,4000000,99-025,DONE,
2024-Dec-22 17:38:49.182282,912828V23_INQ9,912828V23,SELL,5000000,99-170,DONE,
2024-Dec-22 17:38:49.182314,912828W22_INQ0,912828W22,BUY,1000000,100-253,DONE,
2024-Dec-22 17:38:49.182347,912828W22_INQ1,912828W22,SELL,2000000,100-066,DONE,
2024-Dec-22 17:38:49.182380,912828W22_INQ2,912828W22,BUY,3000000,100-142,DONE,
2024-Dec-22 17:38:49.182412,912828W22_INQ3,912828W22,SELL,4000000,100-133,DONE,
2024-Dec-22 17:38:49.182445,912828W22_INQ4,912828W22,BUY,5000000,100-13+,DONE,
2024-Dec-22 17:38:49.182477,912828W22_INQ5,912828W22,SELL,1000000,100-05+,DONE,
2024-Dec-22 17:38:49.182510,912828W22_INQ6,912828W22,BUY,2000000,99-271,DONE,
2024-Dec-22 17:38:49.182542,912828W22_INQ7,912828W22,SELL,3000000,100-175,DONE,
2024-Dec-22 17:38:49.182575,912828W22_INQ8,912828W22,BUY,4000000,99-197,DONE,
2024-Dec-22 17:38:49.182607,912828W22_INQ9,912828W22,SELL,5000000,99-09+,DONE,
2024-Dec-22 17:38:49.182640,912828X21_INQ0,912828X21,BUY,1000000,100-10+,DONE,
2024-Dec-22 17:38:49.182673,912828X21_INQ1,912828X21,SELL,2000000,99-206,DONE,
2024-Dec-22 17:38:49.182707,912828X21_INQ2,912828X21,BUY,3000000,100-236,DONE,
2024-Dec-22 17:38:49.182740,912828X21_INQ3,912828X21,SELL,4000000,99-252,DONE,
2024-Dec-22 17:38:49.182773,912828X21_INQ4,912828X21,BUY,5000000,99-04+,DONE,
2024-Dec-22 17:38:49.182806,912828X21_INQ5,912828X21,SELL,1000000,99-30+,DONE,
2024-Dec-22 17:38:49.182839,912828X21_INQ6,912828X21,BUY,2000000,100-287,DONE,
2024-Dec-22 17:38:49.182872,912828X21_INQ7,912828X21,SELL,3000000,100-301,DONE,
2024-Dec-22 17:38:49.182905,912828X21_INQ8,912828X21,BUY,4000000,99-126,DONE,
2024-Dec-22 17:38:49.182938,912828X21_INQ9,912828X21,SELL,5000000,100-063,DONE,
2024-Dec-22 17:38:49.182971,912828Y20_INQ0,912828Y20,BUY,1000000,99-046,DONE,
2024-Dec-22 17:38:49.183004,912828Y20_INQ1,912828Y20,SELL,2000000,99-287,DONE,
2024-Dec-22 17:38:49.183038,912828Y20_INQ2,912828Y20,BUY,3000000,100-027,DONE,
2024-Dec-22 17:38:49.183071,912828Y20_INQ3,912828Y20,SELL,4000000,100-036,DONE,
2024-Dec-22 17:38:49.183104,912828Y20_INQ4,912828Y20,BUY,5000000,100-212,DONE,
2024-Dec-22 17:38:49.183137,912828Y20_INQ5,912828Y20,SELL,1000000,99-226,DONE,
2024-Dec-22 17:38:49.183171,912828Y20_INQ6,912828Y20,BUY,2000000,99-117,DONE,
2024-Dec-22 17:38:49.183204,912828Y20_INQ7,912828Y20,SELL,3000000,100-316,DONE,
2024-Dec-22 17:38:49.183237,912828Y20_INQ8,912828Y20,BUY,4000000,100-060,DONE,
2024-Dec-22 17:38:49.183270,912828Y20_INQ9,912828Y20,SELL,5000000,100-207,DONE,
2024-Dec-22 17:38:49.183304,912828Z19_INQ0,912828Z19,BUY,1000000,99-24+,DONE,
2024-Dec-22 17:38:49.183337,912828Z19_INQ1,912828Z19,SELL,2000000,100-017,DONE,
2024-Dec-22 17:38:49.183371,912828Z19_INQ2,912828Z19,BUY,3000000,100-277,DONE,
2024-Dec-22 17:38:49.183405,912828Z19_INQ3,912828Z19,SELL,4000000,99-226,DONE,
2024-Dec-22 17:38:49.183438,912828Z19_INQ4,912828Z19,BUY,5000000,99-145,DONE,
2024-Dec-22 17:38:49.183472,912828Z19_INQ5,912828Z19,SELL,1000000,100-243,DONE,
2024-Dec-22 17:38:49.183505,912828Z19_INQ6,912828Z19,BUY,2000000,100-081,DONE,
2024-Dec-22 17:38:49.183539,912828Z19_INQ7,912828Z19,SELL,3000000,100-082,DONE,
2024-Dec-22 17:38:49.183572,912828Z19_INQ8,912828Z19,BUY,4000000,100-156,DONE,
2024-Dec-22 17:38:49.183606,912828Z19_INQ9,912828Z19,SELL,5000000,99-277,DONE,
2024-Dec-22 17:38:49.183638,912810FZ8_INQ0,912810FZ8,BUY,1000000,100-023,DONE,
2024-Dec-22 17:38:49.183670,912810FZ8_INQ1,912810FZ8,SELL,2000000,99-013,DONE,
2024-Dec-22 17:38:49.183724,912810FZ8_INQ2,912810FZ8,BUY,3000000,100-220,DONE,
2024-Dec-22 17:38:49.183759,912810FZ8_INQ3,912810FZ8,SELL,4000000,100-162,DONE,
2024-Dec-22 17:38:49.183793,912810FZ8_INQ4,912810FZ8,BUY,5000000,99-165,DONE,
2024-Dec-22 17:38:49.183828,912810FZ8_INQ5,912810FZ8,SELL,1000000,99-00+,DONE,
2024-Dec-22 17:38:49.183862,912810FZ8_INQ6,912810FZ8,BUY,2000000,100-200,DONE,
2024-Dec-22 17:38:49.183896,912810FZ8_INQ7,912810FZ8,SELL,3000000,99-193,DONE,
2024-Dec-22 17:38:49.183930,912810FZ8_INQ8,912810FZ8,BUY,4000000,100-122,DONE,
2024-Dec-22 17:38:49.183965,912810FZ8_INQ9,912810FZ8,SELL,5000000,99-260,DONE,
2024-Dec-22 17:38:49.183999,912810GZ6_INQ0,912810GZ6,BUY,1000000,100-11+,DONE,
2024-Dec-22 17:38:49.184033,912810GZ6_INQ1,912810GZ6,SELL,2000000,100-303,DONE,
2024-Dec-22 17:38:49.184068,912810GZ6_INQ2,912810GZ6,BUY,3000000,100-26+,DONE,
2024-Dec-22 17:38:49.184102,912810GZ6_INQ3,912810GZ6,SELL,4000000,100-175,DONE,
2024-Dec-22 17:38:49.184137,912810GZ6_INQ4,912810GZ6,BUY,5000000,99-102,DONE,
2024-Dec-22 17:38:49.184171,912810GZ6_INQ5,912810GZ6,SELL,1000000,99-285,DONE,
2024-Dec-22 17:38:49.184205,912810GZ6_INQ6,912810GZ6,BUY,2000000,100-137,DONE,
2024-Dec-22 17:38:49.184239,912810GZ6_INQ7,912810GZ6,SELL,3000000,99-213,DONE,
2024-Dec-22 17:38:49.184274,912810GZ6_INQ8,912810GZ6,BUY,4000000,99-057,DONE,
2024-Dec-22 17:38:49.184308,912810GZ6_INQ9,912810GZ6,SELL,5000000,99-155,DONE,
